<?xml version="1.0" encoding="UTF-8"?><record xmlns="http://www.loc.gov/MARC21/slim" xmlns:cinclude="http://apache.org/cocoon/include/1.0" xmlns:zs="http://www.loc.gov/zing/srw/">
  <leader>00965cz  a2200193n  4500</leader>
  <controlfield tag="001">nr 92043403 </controlfield>
  <controlfield tag="003">DLC</controlfield>
  <controlfield tag="005">20130316101743.0</controlfield>
  <controlfield tag="008">921208n| azannaab           |a aaa     c</controlfield>
  <datafield tag="010" ind1=" " ind2=" ">
    <subfield code="a">nr 92043403 </subfield>
  </datafield>
  <datafield tag="035" ind1=" " ind2=" ">
    <subfield code="a">(Uk)tbO48562</subfield>
  </datafield>
  <datafield tag="040" ind1=" " ind2=" ">
    <subfield code="a">Uk/ESTC-NA</subfield>
    <subfield code="b">eng</subfield>
    <subfield code="e">rda</subfield>
    <subfield code="c">ESTC-NA</subfield>
    <subfield code="d">DLC</subfield>
  </datafield>
  <datafield tag="046" ind1=" " ind2=" ">
    <subfield code="f">1775</subfield>
  </datafield>
  <datafield tag="100" ind1="1" ind2=" ">
    <subfield code="a">Hughes, Mathew Mainwaring Howorth,</subfield>
    <subfield code="d">1775-</subfield>
  </datafield>
  <datafield tag="400" ind1="1" ind2=" ">
    <subfield code="w">nnea</subfield>
    <subfield code="a">Hughes, Mathew Mainwaring Howorth,</subfield>
    <subfield code="d">b. 1775</subfield>
  </datafield>
  <datafield tag="400" ind1="1" ind2=" ">
    <subfield code="a">Hughes, Matthew Manwaring Howarth,</subfield>
    <subfield code="d">1775-</subfield>
  </datafield>
  <datafield tag="667" ind1=" " ind2=" ">
    <subfield code="a">Data provided by the ESTC/BL</subfield>
  </datafield>
  <datafield tag="670" ind1=" " ind2=" ">
    <subfield code="a">Howorth, E. In the House of Lords. Appeal from the Court of Exchequer. Walter Rice, Esquire, devisee in fee of Rice Griffith, clerk, 1777:</subfield>
    <subfield code="b">t.p. (Mathew Mainwaring Howorth Hughes, only son and heir of the said Mary)</subfield>
  </datafield>
  <datafield tag="670" ind1=" " ind2=" ">
    <subfield code="a">Rice, W. House of Lords. From the Court of Exchequer. Walter Rice, Esq; the nephew and devisee in fee of Rice Griffith, clerk, deceased, 1777:</subfield>
    <subfield code="b">t.p. (Matthew Manwaring Howarth Hughes) text (family tree=b. 1775)</subfield>
  </datafield>
</record>